<record><leader>00000cas a22000007a 4500</leader><controlfield tag="001">9274179</controlfield><controlfield tag="008">830303d18291833mauwr ne      0    0eng d</controlfield><controlfield tag="009">3768</controlfield><datafield ind1=" " ind2=" " tag="010"><subfield code="a">sn 83020139 </subfield></datafield><datafield ind1=" " ind2=" " tag="040"><subfield code="a">NPX</subfield><subfield code="b">eng</subfield><subfield code="c">NPX</subfield><subfield code="d">DLC</subfield><subfield code="d">NPA</subfield><subfield code="d">MGN</subfield></datafield><datafield ind1="1" ind2=" " tag="029"><subfield code="a">AU@</subfield><subfield code="b">000025787984</subfield></datafield><datafield ind1=" " ind2=" " tag="042"><subfield code="a">msc</subfield></datafield><datafield ind1="0" ind2="0" tag="050"><subfield code="a">Newspaper 8160-X</subfield></datafield><datafield ind1="0" ind2=" " tag="130"><subfield code="a">Bunker-Hill Aurora (Charlestown, Mass. : 1829)</subfield></datafield><datafield ind1="0" ind2="0" tag="245"><subfield code="a">Bunker-Hill Aurora.</subfield></datafield><datafield ind1="0" ind2="3" tag="246"><subfield code="a">Bunker Hill Aurora</subfield></datafield><datafield ind1=" " ind2=" " tag="260"><subfield code="a">Charlestown [Boston], Mass. :</subfield><subfield code="b">George Raymond &amp; Co.,</subfield></datafield><datafield ind1=" " ind2=" " tag="300"><subfield code="a">v. ;</subfield><subfield code="c">53 cm.</subfield></datafield><datafield ind1=" " ind2=" " tag="310"><subfield code="a">Weekly</subfield></datafield><datafield ind1="0" ind2=" " tag="362"><subfield code="a">[Vol. 3, no. 1] (Jan. 10, 1829)-v. 7, no. 5 (Feb. 2, 1833).</subfield></datafield><datafield ind1=" " ind2=" " tag="500"><subfield code="a">Publisher: William W. Wheildon, May 9, 1829-1833.</subfield></datafield><datafield ind1=" " ind2=" " tag="500"><subfield code="a">Printer: George Raymond, May 9, 1829-Aug. 28, 1830.</subfield></datafield><datafield ind1=" " ind2=" " tag="752"><subfield code="a">United States</subfield><subfield code="b">Massachusetts</subfield><subfield code="c">Suffolk</subfield><subfield code="d">Boston.</subfield></datafield><datafield ind1="0" ind2="0" tag="780"><subfield code="t">Bunker-Hill Aurora, and farmers' and mechanics' journal</subfield><subfield code="w">(DLC)sn 83020138</subfield></datafield><datafield ind1="0" ind2="0" tag="785"><subfield code="t">Bunker-Hill Aurora, and Middlesex County advertiser</subfield><subfield code="w">(DLC)sn 85033005</subfield></datafield></record>